@article{facebook_dcn,
	title={{Inside the social networks (Datacenter) Network}}, 
	DOI={10.1145/2785956.2787472}, 
	journal={Proceedings of the 2015 ACM Conference on Special Interest Group on Data Communication - SIGCOMM 15}, author={Roy, Arjun and Zeng, Hongyi and Bagga, Jasmeet and Porter, George and Snoeren, Alex C.}, 
	year={2015}}

@article{Gittins, 
	title={{On the Gittins index in the M/G/1 queue}}, 
	volume={63}, 
	DOI={10.1007/s11134-009-9141-x}, 
	number={1-4}, 
	journal={Queueing Systems}, 
	author={Aalto, Samuli and Ayesta, Urtzi and Righter, Rhonda}, 
	year={2009}, 
	pages={437–458}}

@article{LAS_analysis,
	 title={{Analysis of LAS scheduling for job size distributions with high variance}}, 
	 DOI={10.1145/781027.781055}, 
	 journal={Proceedings of the 2003 ACM SIGMETRICS international conference on Measurement and modeling of computer systems - SIGMETRICS 03}, 
	 author={Rai, Idris A. and Urvoy-Keller, Guillaume and Biersack, Ernst W.}, 
	 year={2003}}

@article{schrage_1968,
	 title={{A proof of the optimality of the Shortest Remaining Processing Time discipline}}, 
	 volume={16}, 
	 DOI={10.1287/opre.16.3.687}, 
	 number={3}, 
	 journal={Operations Research}, 
	 author={Schrage, Linus}, 
	 year={1968}, 
	 pages={687–690}}
 
 @article{pFabric, 
 	title={{pFabric}}, 
 	DOI={10.1145/2486001.2486031},
 	journal={Proceedings of the ACM SIGCOMM 2013 conference on SIGCOMM - SIGCOMM 13}, 
 	author={Alizadeh, Mohammad and Yang, Shuang and Sharif, Milad and Katti, Sachin and Mckeown, Nick and Prabhakar, Balaji and Shenker, Scott}, 
 	year={2013}
 }

@article{pias, 
	title = {{PIAS: Practical Information-Agnostic Flow Scheduling for commodity data centers}}, 
	volume={25}, DOI={10.1109/tnet.2017.2669216},
	number={4}, journal={IEEE/ACM Transactions on Networking}, 
	author={Bai, Wei and Chen, Li and Chen, Kai and Han, Dongsu and Tian, Chen and Wang, Hao}, 
	year={2017}, 
	pages={1954–1967}
}

@inproceedings{
	mqecn,
	author = {Bai, Wei and Chen, Li and Chen, Kai and Wu, Haitao},
	title = {{Enabling ECN in multi-service multi-queue data centers}},
	year = {2016},
	isbn = {9781931971294},
	publisher = {USENIX Association},
	address = {USA},
	booktitle = {Proceedings of the 13th Usenix Conference on Networked Systems Design and Implementation},
	pages = {537–549},
	numpages = {13},
	location = {Santa Clara, CA},
	series = {NSDI’16}
}


@article{burke,
	author = {Burke, Paul J.},
	title = {{The output of a queuing system}},
	journal = {Operations Research},
	volume = {4},
	number = {6},
	pages = {699-704},
	year = {1956},
	doi = {10.1287/opre.4.6.699},
	URL = { https://doi.org/10.1287/opre.4.6.699},
	eprint = { 	https://doi.org/10.1287/opre.4.6.699}
}

@INPROCEEDINGS{one-more-queue,  
	author={Y. {Lu} and G. {Chen} and L. {Luo} and K. {Tan} and Y. {Xiong} and X. {Wang} and E. {Chen}},  
	booktitle={IEEE INFOCOM 2017 - IEEE Conference on Computer Communications},   
	title={{One more queue is enough: minimizing flow completion time with explicit priority notification}},   
	year={2017}, 
	 volume={},  
	 number={},  
	 pages={1-9},}

@inproceedings{rdma,
	author = {Guo, Chuanxiong and Wu, Haitao and Deng, Zhong and Soni, Gaurav and Ye, Jianxi and Padhye, Jitu and Lipshteyn, Marina},
	title = {{RDMA over commodity Ethernet at scale}},
	year = {2016},
	isbn = {9781450341936},
	publisher = {Association for Computing Machinery},
	address = {New York, NY, USA},
	url = {https://doi.org/10.1145/2934872.2934908},
	doi = {10.1145/2934872.2934908},
	booktitle = {Proceedings of the 2016 ACM SIGCOMM Conference},
	pages = {202–215},
	numpages = {14},
	keywords = {Deadlock, RoCEv2, RDMA, PFC propagation, PFC},
	location = {Florianopolis, Brazil},
	series = {SIGCOMM ’16}
}

@inproceedings{dctcp,
	author = {Alizadeh, Mohammad and Greenberg, Albert and Maltz, David A. and Padhye, Jitendra and Patel, Parveen and Prabhakar, Balaji and Sengupta, Sudipta and Sridharan, Murari},
	title = {{Data Center TCP (DCTCP)}},
	year = {2010},
	isbn = {9781450302012},
	publisher = {Association for Computing Machinery},
	address = {New York, NY, USA},
	url = {https://doi.org/10.1145/1851182.1851192},
	doi = {10.1145/1851182.1851192},
	booktitle = {Proceedings of the ACM SIGCOMM 2010 Conference},
	pages = {63–74},
	numpages = {12},
	keywords = {ECN, data center network, TCP},
	location = {New Delhi, India},
	series = {SIGCOMM ’10}
}

@inproceedings{vl2,
	author = {Greenberg, Albert and Hamilton, James R. and Jain, Navendu and Kandula, Srikanth and Kim, Changhoon and Lahiri, Parantap and Maltz, David A. and Patel, Parveen and Sengupta, Sudipta},
	title = {{VL2: a scalable and flexible data center network}},
	year = {2009},
	isbn = {9781605585949},
	publisher = {Association for Computing Machinery},
	address = {New York, NY, USA},
	url = {https://doi.org/10.1145/1592568.1592576},
	doi = {10.1145/1592568.1592576},
	booktitle = {Proceedings of the ACM SIGCOMM 2009 Conference on Data Communication},
	pages = {51–62},
	numpages = {12},
	keywords = {data center network, commoditization},
	location = {Barcelona, Spain},
	series = {SIGCOMM ’09}
}

@InProceedings{
	mwf,
	author="Crovella, Mark E.",
	editor="Feitelson, Dror G.
	and Rudolph, Larry",
	title={{Performance evaluation with heavy tailed distributions}},
	booktitle="Job Scheduling Strategies for Parallel Processing",
	year="2001",
	publisher="Springer Berlin Heidelberg",
	address="Berlin, Heidelberg",
	pages="1--10",
	isbn="978-3-540-45540-0"
}

@INPROCEEDINGS{
	pso,
	author={J. {Kennedy} and R. {Eberhart}},
	booktitle={Proceedings of ICNN'95 - International Conference on Neural Networks}, 
	title={{Particle swarm optimization}}, 
	year={1995},
	volume={4},
	number={},
	pages={1942-1948 vol.4},}

@INPROCEEDINGS{pso2,
	author={Y. {Shi} and R. {Eberhart}},
	booktitle={1998 IEEE International Conference on Evolutionary Computation Proceedings. IEEE World Congress on Computational Intelligence (Cat. No.98TH8360)}, 
	title={{A modified particle swarm optimizer}}, 
	year={1998},
	volume={},
	number={},
	pages={69-73},}

@article{basinhoppin,
	title={{Global optimization by Basin-Hopping and the lowest energy structures of Lennard-Jones clusters containing up to 110 atoms}},
	author={Wales, David J and Doye, Jonathan PK},
	journal={The Journal of Physical Chemistry A},
	volume={101},
	number={28},
	pages={5111--5116},
	year={1997},
	publisher={ACS Publications}
}

@misc{omnetpp,
	title = {{OMNeT++. Discrete Event simulator}},
	howpublished = {\url{https://omnetpp.org/}}
}

@misc{inet,
	title = {{INET framework}},
	howpublished = {\url{https://inet.omnetpp.org/}}
}

@misc{ipecn,
	title = {{The addition of Explicit Congestion Notification (ECN) to IP}},
	howpublished = {\url{https://tools.ietf.org/html/rfc3168}}
}

@misc{synecn,
	title = {{Adding Explicit Congestion Notification (ECN) capability
	to TCP's SYN/ACK packets}},
	howpublished = {\url{https://www.rfc-editor.org/rfc/rfc5562}}
}

@article{ek1999ieee,
	title={{IEEE 802.1 P, Q-QoS on the MAC level}},
	author={Ek, Niclas},
	journal={Apr},
	volume={24},
	pages={0003--0006},
	year={1999}
}

@INPROCEEDINGS{nos2,  author={G. {Sviridov} and A. {Bianco} and P. {Giaccone}},  booktitle={2019 IEEE Global Communications Conference (GLOBECOM)},   title={{Low-complexity flow scheduling for commodity switches in data center networks}},   year={2019},  volume={},  number={},  pages={1-6},}

@misc{dpp,
	title = {{Troubleshooting QoS on N9K. Intelligent buffering.}},
	howpublished = {\url{https://www.ciscolive.com/c/dam/r/ciscolive/us/docs/2019/pdf/CTHDCN-2301.pdf}},
	urldate = {17/7/2020}
}

@misc{scipy,
	title = {{SciPy}},
	howpublished = {\url{https://www.scipy.org/}},
	urldate = {17/7/2020}
}

@inproceedings {188942,
	author = {Matthew P. Grosvenor and Malte Schwarzkopf and Ionel Gog and Robert N. M. Watson and Andrew W. Moore and Steven Hand and Jon Crowcroft},
	title = {{Queues don{\textquoteright}t matter when you can {JUMP} them!}},
	booktitle = {12th {USENIX} Symposium on Networked Systems Design and Implementation ({NSDI} 15)},
	year = {2015},
	isbn = {978-1-931971-218},
	address = {Oakland, CA},
	pages = {1--14},
	url = {https://www.usenix.org/conference/nsdi15/technical-sessions/presentation/grosvenor},
	publisher = {{USENIX} Association},
	month = may,
}

@inproceedings{tcp-incast-collapse,
	title={{Understanding TCP incast throughput collapse in datacenter networks}},
	author={Chen, Yanpei and Griffith, Rean and Liu, Junda and Katz, Randy H and Joseph, Anthony D},
	booktitle={Proceedings of the 1st ACM workshop on Research on enterprise networking},
	pages={73--82},
	year={2009}
}

@inproceedings{need-for-pacing,
	title={{Experimental study of router buffer sizing}},
	author={Beheshti, Neda and Ganjali, Yashar and Ghobadi, Monia and McKeown, Nick and Salmon, Geoff},
	booktitle={Proceedings of the 8th ACM SIGCOMM conference on Internet measurement},
	pages={197--210},
	year={2008}
}

@article{survey,
	title={{Datacenter traffic control: understanding techniques and tradeoffs}},
	author={Noormohammadpour, Mohammad and Raghavendra, Cauligi S},
	journal={IEEE Communications Surveys \& Tutorials},
	volume={20},
	number={2},
	pages={1492--1525},
	year={2017},
	publisher={IEEE}
}

@inproceedings{hull,
	title={{Less is more: trading a little bandwidth for ultra-low latency in the data center}},
	author={Alizadeh, Mohammad and Kabbani, Abdul and Edsall, Tom and Prabhakar, Balaji and Vahdat, Amin and Yasuda, Masato},
	booktitle={Presented as part of the 9th $\{$USENIX$\}$ Symposium on Networked Systems Design and Implementation ($\{$NSDI$\}$ 12)},
	pages={253--266},
	year={2012}
}

@inproceedings{pdq,
	author = {Hong, Chi-Yao and Caesar, Matthew and Godfrey, P. Brighten},
	title = {{Finishing flows quickly with preemptive scheduling}},
	year = {2012},
	isbn = {9781450314190},
	publisher = {Association for Computing Machinery},
	address = {New York, NY, USA},
	url = {https://doi.org/10.1145/2342356.2342389},
	doi = {10.1145/2342356.2342389},
	booktitle = {Proceedings of the ACM SIGCOMM 2012 Conference on Applications, Technologies, Architectures, and Protocols for Computer Communication},
	pages = {127–138},
	numpages = {12},
	keywords = {data center, flow scheduling, deadline},
	location = {Helsinki, Finland},
	series = {SIGCOMM ’12}
}

@book{klein-queuing-theory,
	author = {Kleinrock, Leonard},
	title = {{Theory, Volume 1, Queueing Systems}},
	year = {1975},
	isbn = {0471491101},
	publisher = {Wiley-Interscience},
	address = {USA}
}

@article{optimal-tail-scheduling,
	author = {Wierman, Adam and Zwart, Bert},
	title = {{Is tail-optimal scheduling possible?}},
	year = {2012},
	issue_date = {09-10 2012},
	publisher = {INFORMS},
	address = {Linthicum, MD, USA},
	volume = {60},
	number = {5},
	issn = {0030-364X},
	url = {https://doi.org/10.1287/opre.1120.1086},
	doi = {10.1287/opre.1120.1086},
	journal = {Oper. Res.},
	month = sep,
	pages = {1249–1257},
	numpages = {9},
	keywords = {queueing, large deviations, competitive analysis, scheduling}
}

@inproceedings{jupiter,
	title	= {{Jupiter rising: a decade of Clos topologies and centralized control in Google’s datacenter network}},
	author	= {Arjun Singh and Joon Ong and Amit Agarwal and Glen Anderson and Ashby Armistead and Roy Bannon and Seb Boving and Gaurav Desai and Bob Felderman and Paulie Germano and Anand Kanagala and Jeff Provost and Jason Simmons and Eiichi Tanda and Jim Wanderer and Urs Hölzle and Stephen Stuart and Amin Vahdat},
	year	= {2015},
	booktitle	= {Sigcomm '15}
}

@inproceedings{net-traffic-characteristics-benson,
	author = {Benson, Theophilus and Akella, Aditya and Maltz, David A.},
	title = {{Network traffic characteristics of data centers in the wild}},
	year = {2010},
	isbn = {9781450304832},
	publisher = {Association for Computing Machinery},
	address = {New York, NY, USA},
	url = {https://doi.org/10.1145/1879141.1879175},
	doi = {10.1145/1879141.1879175},
	booktitle = {Proceedings of the 10th ACM SIGCOMM Conference on Internet Measurement},
	pages = {267–280},
	numpages = {14},
	keywords = {data center traffic, characterization},
	location = {Melbourne, Australia},
	series = {IMC ’10}
}

@article{MapReduce,
	author = {Dean, Jeffrey and Ghemawat, Sanjay},
	title = {{MapReduce: simplified data processing on large clusters}},
	year = {2008},
	issue_date = {January 2008},
	publisher = {Association for Computing Machinery},
	address = {New York, NY, USA},
	volume = {51},
	number = {1},
	issn = {0001-0782},
	url = {https://doi.org/10.1145/1327452.1327492},
	doi = {10.1145/1327452.1327492},
	journal = {Commun. ACM},
	month = jan,
	pages = {107–113},
	numpages = {7}
}

@INPROCEEDINGS{hadoop,  
	author={K. {Shvachko} and H. {Kuang} and S. {Radia} and R. {Chansler}}, 
	booktitle={2010 IEEE 26th Symposium on Mass Storage Systems and Technologies (MSST)},  
	title={{The Hadoop distributed file system}},   
	year={2010}, 
	volume={},  
	number={}, 
	pages={1-10},
}

@article{image-fat-tree,
	title={{Energy optimization for Software-Defined data center networks based on flow allocation strategies}},
	author={Lu, Zebin and Lei, Junru and He, Yihao and Li, Zhengfa and Deng, Shuhua and Gao, Xieping},
	journal={Electronics},
	volume={8},
	number={9},
	pages={1014},
	year={2019},
	publisher={Multidisciplinary Digital Publishing Institute}
}

@book{image-leaf-spine,
	title={BGP in the data center},
	author={Dutt, D.G.},
	url={https://books.google.it/books?id=1k1OuwEACAAJ},
	year={2017},
	publisher={O'Reilly Media}
}
