@article{bianchi2014openstate,
  title={OpenState: programming platform-independent stateful openflow applications inside the switch},
  author={Bianchi, Giuseppe and Bonola, Marco and Capone, Antonio and Cascone, Carmelo},
  journal={ACM SIGCOMM Computer Communication Review},
  volume={44},
  number={2},
  pages={44--51},
  year={2014},
  publisher={ACM}
}

@article{bianchi2016open,
	title={Open Packet Processor: a programmable architecture for wire speed platform-independent stateful in-network processing},
	author={Bianchi, Giuseppe and Bonola, Marco and Pontarelli, Salvatore and Sanvito, Davide and Capone, Antonio and Cascone, Carmelo},
	journal={arXiv preprint arXiv:1605.01977},
	year={2016}
}

@article{mckeown2008openflow,
	title={OpenFlow: enabling innovation in campus networks},
	author={McKeown, Nick and Anderson, Tom and Balakrishnan, Hari and Parulkar, Guru and Peterson, Larry and Rexford, Jennifer and Shenker, Scott and Turner, Jonathan},
	journal={ACM SIGCOMM Computer Communication Review},
	volume={38},
	number={2},
	pages={69--74},
	year={2008},
	publisher={ACM}
}

@article{bosshart2014p4,
	title={P4: Programming protocol-independent packet processors},
	author={Bosshart, Pat and Daly, Dan and Gibb, Glen and Izzard, Martin and McKeown, Nick and Rexford, Jennifer and Schlesinger, Cole and Talayco, Dan and Vahdat, Amin and Varghese, George and others},
	journal={ACM SIGCOMM Computer Communication Review},
	volume={44},
	number={3},
	pages={87--95},
	year={2014},
	publisher={ACM}
}